<?xml version="1.0" encoding="UTF-8"?><collection><record><leader>03099ntm a2200445 a 4500</leader><controlfield tag="001">002590521</controlfield><controlfield tag="003">MiAaHDL</controlfield><controlfield tag="005">20190719000000.0</controlfield><controlfield tag="006">m        d        </controlfield><controlfield tag="007">cr bn ---auaua</controlfield><controlfield tag="008">930119q18001827xx            00||  ara d</controlfield><datafield tag="035" ind1=" " ind2=" "><subfield code="a">(MiU)002590521</subfield></datafield><datafield tag="035" ind1=" " ind2=" "><subfield code="a">sdr-miu002590521</subfield></datafield><datafield tag="035" ind1=" " ind2=" "><subfield code="a">(OCoLC)34365580</subfield></datafield><datafield tag="035" ind1=" " ind2=" "><subfield code="a">(RLIN)MIUH92-A67</subfield></datafield><datafield tag="040" ind1=" " ind2=" "><subfield code="a">MiU</subfield><subfield code="c">MiU</subfield><subfield code="e">appm</subfield><subfield code="d">MiU</subfield></datafield><datafield tag="100" ind1="1" ind2=" "><subfield code="6">880-01</subfield><subfield code="a">Ḥalabī, ʻAbd Allāh ibn ʻAbd al-Raḥmān al-Ḥanbalī,</subfield><subfield code="d">18th cent.</subfield></datafield><datafield tag="240" ind1="1" ind2="0"><subfield code="6">880-02</subfield><subfield code="a">Khulāṣat al-masāʾil fī sharḥ hidāyat al-sāʾil</subfield></datafield><datafield tag="245" ind1="1" ind2="0"><subfield code="6">880-03</subfield><subfield code="a">Sharḥ risālat rubʻ al-muqanṭar :</subfield><subfield code="k">manuscript,</subfield><subfield code="f">[between 1800? and 1827].</subfield></datafield><datafield tag="300" ind1=" " ind2=" "><subfield code="a">1</subfield><subfield code="f">v. ([100] p. on 26 lvs.) ;</subfield><subfield code="c">20 cm.</subfield></datafield><datafield tag="500" ind1=" " ind2=" "><subfield code="a">Watermarks: Three crescents. See Edward Heawood, Watermarks, Mainly of the 17th and 18th Centuries (Hilversum, 1950), p. 24.</subfield></datafield><datafield tag="500" ind1=" " ind2=" "><subfield code="a">Text rubricated; marginal corrections and finding aids in hand of copyist; vol. has edge title.</subfield></datafield><datafield tag="500" ind1=" " ind2=" "><subfield code="a">Date from owner's mark on p. [1].</subfield></datafield><datafield tag="510" ind1="4" ind2=" "><subfield code="a">King,</subfield><subfield code="c">Survey, p. 118.</subfield></datafield><datafield tag="520" ind1=" " ind2=" "><subfield code="a">"Commentary on the Hidāyat al-sāʾil ilā 'l-ʻamal bi 'l-rubʻ al-kāmil of Sibṭ al-Māridīnī." Cataloging by Elinor M. Husselman, 1945.</subfield></datafield><datafield tag="538" ind1=" " ind2=" "><subfield code="a">Mode of access: Internet.</subfield></datafield><datafield tag="541" ind1=" " ind2=" "><subfield code="d">07/--/36</subfield><subfield code="3">Manuscript</subfield><subfield code="a">McGregor Fund</subfield><subfield code="c">Purchase, 1933/34</subfield><subfield code="h">20 p.t.</subfield></datafield><datafield tag="561" ind1=" " ind2=" "><subfield code="a">Purchased in Cairo, 1933/34. Owners' marks: on p. [1], owner's autograph (partially defaced) with date: mālakahu min fayḍ faḍl rabbihi al-tawwāb al-faqīr al-sayyid ...[?]... ibn al-Ḥusayn ʻAbd al-Wahhāb ...[?]... fī ghurrat Muḥarram sanat 1243 [25 July 1827]; on p. [1], another owner's autograph entirely defaced; on p. [1], manuscript notes in handwriting of Max Meyerhof.</subfield></datafield><datafield tag="600" ind1="1" ind2="0"><subfield code="6">880-04</subfield><subfield code="a">Sibṭ al-Māridīnī, Badr al-Dīn Muḥammad ibn Muḥammad,</subfield><subfield code="d">b. 1423.</subfield><subfield code="t">Hidāyat al-sāʾil fī al-ʻamal bi-al-rubʻ al-kāmil.</subfield></datafield><datafield tag="650" ind1=" " ind2="0"><subfield code="a">Quadrants (Astronomical instruments)</subfield><subfield code="v">Early works to 1800.</subfield></datafield><datafield tag="650" ind1=" " ind2="0"><subfield code="a">Astronomical instruments</subfield><subfield code="y">Early works to 1800.</subfield></datafield><datafield tag="650" ind1=" " ind2="0"><subfield code="a">Astronomy, Arab</subfield><subfield code="y">Early works to 1800.</subfield></datafield><datafield tag="650" ind1=" " ind2="0"><subfield code="a">Manuscripts, Arabic</subfield><subfield code="z">Michigan</subfield><subfield code="z">Ann Arbor.</subfield></datafield><datafield tag="700" ind1="1" ind2="0"><subfield code="6">880-05</subfield><subfield code="a">Sibṭ al-Māridīnī, Badr al-Dīn Muḥammad ibn Muḥammad,</subfield><subfield code="d">1423-</subfield><subfield code="t">Hidāyat al-sāʾil fī al-ʻamal bi-al-rubʻ al-kāmil.</subfield></datafield><datafield tag="700" ind1="1" ind2=" "><subfield code="a">Meyerhof, Max,</subfield><subfield code="d">1874-1945,</subfield><subfield code="e">former owner.</subfield></datafield><datafield tag="773" ind1="0" ind2=" "><subfield code="a">Tracy W. McGregor Collection of Arabic, Persian, and Turkish Mathematical and Astronomical Manuscripts.</subfield><subfield code="7">unbc</subfield><subfield code="w">(CStRLIN)MIUH92-A20.</subfield></datafield><datafield tag="880" ind1="0" ind2="0"><subfield code="6">700-05/</subfield><subfield code="a">بدر الدين محمد بن محمد سبط المارديني.</subfield><subfield code="t">هداية السائل في العمل بالربع الكامل.</subfield></datafield><datafield tag="880" ind1="0" ind2="0"><subfield code="6">600-04/</subfield><subfield code="a">بدر الدين محمد بن محمد سبط المارديني.</subfield><subfield code="t">هداية السائل في العمل بالربع الكامل.</subfield></datafield><datafield tag="880" ind1="1" ind2="0"><subfield code="6">245-03/</subfield><subfield code="a">شرح رسالة ربع المقنطر :</subfield><subfield code="k">manuscript،</subfield><subfield code="f">[between 1800? and 1827].</subfield></datafield><datafield tag="880" ind1="1" ind2="0"><subfield code="6">240-02/</subfield><subfield code="a">خلاصة المسائل في شرح هداية السائل</subfield></datafield><datafield tag="880" ind1="0" ind2=" "><subfield code="6">100-01/</subfield><subfield code="a">عبد الله بن عبد الرحمن الحنبلي الحلبي.</subfield></datafield><datafield tag="CID" ind1=" " ind2=" "><subfield code="a">002590521</subfield></datafield><datafield tag="DAT" ind1="0" ind2=" "><subfield code="a">20190719102632.0</subfield><subfield code="b">20190719000000.0</subfield></datafield><datafield tag="DAT" ind1="1" ind2=" "><subfield code="a">20190719090653.0</subfield><subfield code="b">2019-07-19T16:10:41Z</subfield></datafield><datafield tag="DAT" ind1="2" ind2=" "><subfield code="a">2015-10-02T18:00:03Z</subfield></datafield><datafield tag="CAT" ind1=" " ind2=" "><subfield code="a">SDR-MIU</subfield><subfield code="d">EX LIBRIS - ALEPH</subfield><subfield code="l">prepare.pl-004-008</subfield></datafield><datafield tag="FMT" ind1=" " ind2=" "><subfield code="a">BK</subfield></datafield><datafield tag="HOL" ind1=" " ind2=" "><subfield code="0">sdr-miu002590521</subfield><subfield code="a">MiU</subfield><subfield code="b">SDR</subfield><subfield code="c">MIU</subfield><subfield code="p">mdp.39015081447065</subfield><subfield code="s">MIU</subfield><subfield code="1">002590521</subfield></datafield><datafield tag="974" ind1=" " ind2=" "><subfield code="b">MIU</subfield><subfield code="c">MIU</subfield><subfield code="d">20190719</subfield><subfield code="s">lit-dlps-dc</subfield><subfield code="u">mdp.39015081447065</subfield><subfield code="y">1827</subfield><subfield code="r">pd</subfield><subfield code="q">bib</subfield><subfield code="t">non-US bib date2 &lt; 1896</subfield></datafield></record></collection>